@article{taillard1993benchmarks,
  title={Benchmarks for basic scheduling problems},
  author={Taillard, Eric},
  journal={european journal of operational research},
  volume={64},
  number={2},
  pages={278--285},
  year={1993},
  publisher={Elsevier}
}


@article{benabdellah2019survey,
  title={A survey of clustering algorithms for an industrial context},
  author={Benabdellah, Abla Chouni and Benghabrit, Asmaa and Bouhaddou, Imane},
  journal={Procedia computer science},
  volume={148},
  pages={291--302},
  year={2019},
  publisher={Elsevier}
}


@book{baker1974introduction,
  title={Introduction to sequencing and scheduling},
  author={Baker, Kenneth R},
  year={1974},
  publisher={John Wiley \& Sons}
}

@incollection{lenstra1979computational,
  title={Computational complexity of discrete optimization problems},
  author={Lenstra, Jan K and Kan, AHG Rinnooy},
  booktitle={Annals of discrete mathematics},
  volume={4},
  pages={121--140},
  year={1979},
  publisher={Elsevier}
}

@article{zhang2010hybrid,
  title={A hybrid approach to large-scale job shop scheduling},
  author={Zhang, Rui and Wu, Cheng},
  journal={Applied intelligence},
  volume={32},
  number={1},
  pages={47--59},
  year={2010},
  publisher={Springer}
}

@inproceedings{li2018geometric,
  title={A geometric approach to clustering based anomaly detection for industrial applications},
  author={Li, Peng and Niggemann, Oliver and Hammer, Barbara},
  booktitle={IECON 2018-44th Annual Conference of the IEEE Industrial Electronics Society},
  pages={5345--5352},
  year={2018},
  organization={IEEE}
}


@article{zhai2014decomposition,
  title={A decomposition heuristics based on multi-bottleneck machines for large-scale job shop scheduling problems},
  author={Zhai, Yingni and Liu, Changjun and Chu, Wei and Guo, Ruifeng and Liu, Cunliang},
  journal={Journal of Industrial Engineering and Management (JIEM)},
  volume={7},
  number={5},
  pages={1397--1414},
  year={2014},
  publisher={Barcelona: OmniaScience}
}

@inproceedings{wagstaff2001constrained,
  title={Constrained k-means clustering with background knowledge},
  author={Wagstaff, Kiri and Cardie, Claire and Rogers, Seth and Schroedl, Stefan and others},
  booktitle={Icml},
  volume={1},
  pages={577--584},
  year={2001}
}

@article{nananukul2013clustering,
  title={Clustering model and algorithm for production inventory and distribution problem},
  author={Nananukul, Narameth},
  journal={Applied Mathematical Modelling},
  volume={37},
  number={24},
  pages={9846--9857},
  year={2013},
  publisher={Elsevier}
}

@article{yashar2013multi,
  title={A multi-step approach for block-cave production scheduling optimization},
  author={Yashar, Pourrahimian and Hooman, Askari-Nasab and others},
  journal={International Journal of Mining Science and Technology},
  volume={23},
  number={5},
  pages={739--750},
  year={2013},
  publisher={Elsevier}
}

@article{tong2016research,
  title={Research on energy-saving production scheduling based on a clustering algorithm for a forging enterprise},
  author={Tong, Yifei and Li, Jingwei and Li, Shai and Li, Dongbo},
  journal={Sustainability},
  volume={8},
  number={2},
  pages={136},
  year={2016},
  publisher={Multidisciplinary Digital Publishing Institute}
}

@article{koskosidis1992clustering,
  title={Clustering algorithms for consolidation of customer orders into vehicle shipments},
  author={Koskosidis, Yiannis A and Powell, Warren B},
  journal={Transportation Research Part B: Methodological},
  volume={26},
  number={5},
  pages={365--379},
  year={1992},
  publisher={Elsevier}
}

@article{aloise2009np,
  title={NP-hardness of Euclidean sum-of-squares clustering},
  author={Aloise, Daniel and Deshpande, Amit and Hansen, Pierre and Popat, Preyas},
  journal={Machine learning},
  volume={75},
  number={2},
  pages={245--248},
  year={2009},
  publisher={Springer}
}

@inproceedings{macqueen1967some,
  title={Some methods for classification and analysis of multivariate observations},
  author={MacQueen, James and others},
  booktitle={Proceedings of the fifth Berkeley symposium on mathematical statistics and probability},
  volume={1},
  number={14},
  pages={281--297},
  year={1967},
  organization={Oakland, CA, USA}
}

@article{koonce2000using,
  title={Using data mining to find patterns in genetic algorithm solutions to a job shop schedule},
  author={Koonce, DA and Tsai, S-C},
  journal={Computers \& Industrial Engineering},
  volume={38},
  number={3},
  pages={361--374},
  year={2000},
  publisher={Elsevier}
}

@inproceedings{harrath2002genetic,
  title={A genetic algorithm and data mining based meta-heuristic for job shop scheduling problem},
  author={Harrath, Youssef and Chebel-Morello, Brigitte and Zerhouni, Noureddine},
  booktitle={IEEE International Conference on Systems, Man and Cybernetics},
  volume={7},
  pages={6--pp},
  year={2002},
  organization={IEEE}
}

@inproceedings{shahzad2010discovering,
  title={Discovering dispatching rules for job shop scheduling problem through data mining},
  author={Shahzad, Atif and Mebarki, Nasser and IRCCyN, IRCCyN},
  booktitle={8th International Conference of Modeling and Simulation-MOSIMâ€™10},
  year={2010}
}

@inproceedings{ismail2012production,
  title={A production schedule generator framework for pattern sequential mining},
  author={Ismail, Ruhaizan and Othman, Zalinda and Bakar, Azuraliza Abu},
  booktitle={2012 7th International Conference on Computing and Convergence Technology (ICCCT)},
  pages={784--788},
  year={2012},
  organization={IEEE}
}

@article{adibi2014clustering,
  title={A clustering-based modified variable neighborhood search algorithm for a dynamic job shop scheduling problem},
  author={Adibi, Mohammad Amin and Shahrabi, Jamal},
  journal={The International Journal of Advanced Manufacturing Technology},
  volume={70},
  number={9-12},
  pages={1955--1961},
  year={2014},
  publisher={Springer}
}

@article{nasiri2019data,
  title={A data mining approach for population-based methods to solve the JSSP},
  author={Nasiri, Mohammad Mahdi and Salesi, Sadegh and Rahbari, Ali and Meydani, Navid Salmanzadeh and Abdollai, Mojtaba},
  journal={Soft Computing},
  volume={23},
  number={21},
  pages={11107--11122},
  year={2019},
  publisher={Springer}
}

@inproceedings{el2020job,
  title={Job Shop Scheduling with Multi-shot ASP},
  author={El-Kholany, Mohammed and Gebser, Martin},
  booktitle={Fourth Workshop on Trends and Applications of Answer Set Programming},
  year={2020}
}

@article{singer2001decomposition,
  title={Decomposition methods for large job shops},
  author={Singer, Marcos},
  journal={Computers \& Operations Research},
  volume={28},
  number={3},
  pages={193--207},
  year={2001},
  publisher={Elsevier}
}

@book{ovacik2012decomposition,
  title={Decomposition methods for complex factory scheduling problems},
  author={Ovacik, Irfan M and Uzsoy, Reha},
  year={2012},
  publisher={Springer Science \& Business Media}
}

@article{uzsoy2000performance,
  title={Performance of decomposition procedures for job shop scheduling problems with bottleneck machines},
  author={Uzsoy, Reha and Wang, Cheng-Shuo},
  journal={International Journal of Production Research},
  volume={38},
  number={6},
  pages={1271--1286},
  year={2000},
  publisher={Taylor \& Francis}
}

@misc{tassel2021reinforcement,
      title={A Reinforcement Learning Environment For Job-Shop Scheduling}, 
      author={Pierre Tassel and Martin Gebser and Konstantin Schekotihin},
      year={2021},
      eprint={2104.03760},
      archivePrefix={arXiv},
      primaryClass={cs.LG}
}
