@article{garey1976complexity,
  title={The complexity of flowshop and jobshop scheduling},
  author={Garey, Michael R and Johnson, David S and Sethi, Ravi},
  journal={Mathematics of operations research},
  volume={1},
  number={2},
  pages={117--129},
  year={1976},
  publisher={INFORMS}
}

@incollection{lenstra1977complexity,
  title={Complexity of machine scheduling problems},
  author={Lenstra, Jan Karel and Kan, AHG Rinnooy and Brucker, Peter},
  booktitle={Annals of discrete mathematics},
  volume={1},
  pages={343--362},
  year={1977},
  publisher={Elsevier}
}

@article{adams1988shifting,
  title={The shifting bottleneck procedure for job shop scheduling},
  author={Adams, Joseph and Balas, Egon and Zawack, Daniel},
  journal={Management science},
  volume={34},
  number={3},
  pages={391--401},
  year={1988},
  publisher={INFORMS}
}

@article{balas1995one,
  title={The one-machine problem with delayed precedence constraints and its use in job shop scheduling},
  author={Balas, Egon and Lenstra, Jan Karel and Vazacopoulos, Alkis},
  journal={Management Science},
  volume={41},
  number={1},
  pages={94--109},
  year={1995},
  publisher={INFORMS}
}

@article{uzsoy2000performance,
  title={Performance of decomposition procedures for job shop scheduling problems with bottleneck machines},
  author={Uzsoy, Reha and Wang, Cheng-Shuo},
  journal={International Journal of Production Research},
  volume={38},
  number={6},
  pages={1271--1286},
  year={2000},
  publisher={Taylor \& Francis}
}

@article{singer2001decomposition,
  title={Decomposition methods for large job shops},
  author={Singer, Marcos},
  journal={Computers \& Operations Research},
  volume={28},
  number={3},
  pages={193--207},
  year={2001},
  publisher={Elsevier}
}

@article{liu2008prediction,
  title={A prediction based iterative decomposition algorithm for scheduling large-scale job shops},
  author={Liu, Min and Hao, Jing-Hua and Wu, Cheng},
  journal={Mathematical and Computer Modelling},
  volume={47},
  number={3-4},
  pages={411--421},
  year={2008},
  publisher={Elsevier}
}

@article{zhang2010hybrid,
  title={A hybrid approach to large-scale job shop scheduling},
  author={Zhang, Rui and Wu, Cheng},
  journal={Applied intelligence},
  volume={32},
  number={1},
  pages={47--59},
  year={2010},
  publisher={Springer}
}

@article{caniupan2010consistency,
  title={The consistency extractor system: Answer set programs for consistent query answering in databases},
  author={Caniup{\'a}n, Monica and Bertossi, Leopoldo},
  journal={Data \& Knowledge Engineering},
  volume={69},
  number={6},
  pages={545--572},
  year={2010},
  publisher={Elsevier}
}

@book{ovacik2012decomposition,
  title={Decomposition methods for complex factory scheduling problems},
  author={Ovacik, Irfan M and Uzsoy, Reha},
  year={2012},
  publisher={Springer Science \& Business Media}
}

@article{zhai2014decomposition,
  title={A decomposition heuristics based on multi-bottleneck machines for large-scale job shop scheduling problems},
  author={Zhai, Yingni and Liu, Changjun and Chu, Wei and Guo, Ruifeng and Liu, Cunliang},
  journal={Journal of Industrial Engineering and Management (JIEM)},
  volume={7},
  number={5},
  pages={1397--1414},
  year={2014},
  publisher={Barcelona: OmniaScience}
}

@article{erdem2015generating,
  title={Generating explanations for biomedical queries},
  author={Erdem, Esra and Oztok, Umut},
  journal={Theory and Practice of Logic Programming},
  volume={15},
  number={1},
  pages={35--78},
  year={2015},
  publisher={Cambridge University Press}
}

@article{koponen2015optimizing,
  title={Optimizing phylogenetic supertrees using answer set programming},
  author={Koponen, Laura and Oikarinen, Emilia and Janhunen, Tomi and S{\"a}il{\"a}, Laura},
  journal={Theory and Practice of Logic Programming},
  volume={15},
  number={4-5},
  pages={604--619},
  year={2015},
  publisher={Cambridge University Press}
}

@inproceedings{dodaro2015allotment,
  title={Allotment problem in travel industry: A solution based on ASP},
  author={Dodaro, Carmine and Leone, Nicola and Nardi, Barbara and Ricca, Francesco},
  booktitle={International Conference on Web Reasoning and Rule Systems},
  pages={77--92},
  year={2015},
  organization={Springer}
}

@article{dodaro2016combining,
  title={Combining answer set programming and domain heuristics for solving hard industrial problems (application paper)},
  author={Dodaro, Carmine and Gasteiger, Philip and Leone, Nicola and Musitsch, Benjamin and Ricca, Francesco and Shchekotykhin, Kostyantyn},
  journal={Theory and Practice of Logic Programming},
  volume={16},
  number={5-6},
  pages={653--669},
  year={2016},
  publisher={Cambridge University Press}
}

@inproceedings{gebser2016theory,
  title={Theory solving made easy with clingo 5},
  author={Gebser, Martin and Kaminski, Roland and Kaufmann, Benjamin and Ostrowski, Max and Schaub, Torsten and Wanko, Philipp},
  booktitle={Technical Communications of the 32nd International Conference on Logic Programming (ICLP 2016)},
  year={2016},
  organization={Schloss Dagstuhl-Leibniz-Zentrum fuer Informatik}
}

@article{abseher2016shift,
  title={Shift design with answer set programming},
  author={Abseher, Michael and Gebser, Martin and Musliu, Nysret and Schaub, Torsten and Woltran, Stefan},
  journal={Fundamenta Informaticae},
  volume={147},
  number={1},
  pages={1--25},
  year={2016},
  publisher={IOS Press}
}

@inproceedings{dodaro2017nurse,
  title={Nurse scheduling via answer set programming},
  author={Dodaro, Carmine and Maratea, Marco},
  booktitle={International Conference on Logic Programming and Nonmonotonic Reasoning},
  pages={301--307},
  year={2017},
  organization={Springer}
}

@article{janhunen2017clingo,
  title={Clingo goes linear constraints over reals and integers},
  author={Janhunen, Tomi and Kaminski, Roland and Ostrowski, Max and Schellhorn, Sebastian and Wanko, Philipp and Schaub, Torsten},
  journal={Theory and Practice of Logic Programming},
  volume={17},
  number={5-6},
  pages={872--888},
  year={2017},
  publisher={Cambridge University Press}
}

@inproceedings{abels2019train,
  title={Train scheduling with hybrid ASP},
  author={Abels, Dirk and Jordi, Julian and Ostrowski, Max and Schaub, Torsten and Toletti, Ambra and Wanko, Philipp},
  booktitle={International Conference on Logic Programming and Nonmonotonic Reasoning},
  pages={3--17},
  year={2019},
  organization={Springer}
}

@article{dodaro2019asp,
  title={An ASP-based framework for operating room scheduling},
  author={Dodaro, Carmine and Galat{\`a}, Giuseppe and Maratea, Marco and Porro, Ivan},
  journal={Intelligenza Artificiale},
  volume={13},
  number={1},
  pages={63--77},
  year={2019},
  publisher={IOS Press}
}
@inproceedings{fabricius2020towards,
  title={Towards ASP-based scheduling for industrial transport vehicles},
  author={Fabricius, Felicitas and De Bortoli, Marco and Selmair, Maximilian and Reip, Michael and Steinbauer, Gerald and Gebser, Martin},
  booktitle={Joint Austrian Computer Vision and Robotics Workshop},
  year={2020}
}

@article{dodaro2021operating,
  title={Operating Room (Re) Scheduling with Bed Management via ASP},
  author={Dodaro, Carmine and Galat{\`a}, Giuseppe and Khan, Muhammad Kamran and Maratea, Marco and Porro, Ivan},
  journal={arXiv preprint arXiv:2105.02283},
  year={2021}
}

@inproceedings{francescutto2021solving,
  title={Solving a Multi-resource Partial-ordering Flexible Variant of the Job-shop Scheduling Problem with Hybrid ASP},
  author={Francescutto, Giulia and Schekotihin, Konstantin and El-Kholany, Mohammed MS},
  booktitle={Logics in Artificial Intelligence: 17th European Conference, JELIA 2021, Virtual Event, May 17--20, 2021, Proceedings 17},
  pages={313--328},
  year={2021},
  organization={Springer}
}

@article{daneshamooz2021mathematical,
  title={Mathematical modeling and two efficient branch and bound algorithms for job shop scheduling problem followed by an assembly stage},
  author={Daneshamooz, Fatemeh and Fattahi, Parviz and Hosseini, Seyed Mohammad Hassan},
  journal={Kybernetes},
  year={2021},
  publisher={Emerald Publishing Limited}
}

@article{shi2021solving,
  title={Solving the integrated process planning and scheduling problem using an enhanced constraint programming-based approach},
  author={Shi, Ganquan and Yang, Zhouwang and Xu, Yang and Quan, Yuchen},
  journal={International Journal of Production Research},
  pages={1--18},
  year={2021},
  publisher={Taylor \& Francis}
}

%***************************************************
@article{wang2002modified,
  title={A modified genetic algorithm for job shop scheduling},
  author={Wang, Ling and Zheng, D-Z},
  journal={The International Journal of Advanced Manufacturing Technology},
  volume={20},
  number={1},
  pages={72--76},
  year={2002},
  publisher={Springer}
}

@article{mattfeld2004efficient,
  title={An efficient genetic algorithm for job shop scheduling with tardiness objectives},
  author={Mattfeld, Dirk C and Bierwirth, Christian},
  journal={European journal of operational research},
  volume={155},
  number={3},
  pages={616--630},
  year={2004},
  publisher={Elsevier}
}

@article{geyik2004strategies,
  title={The strategies and parameters of tabu search for job-shop scheduling},
  author={Geyik, Faruk and Cedimoglu, Ismail Hakki},
  journal={Journal of Intelligent Manufacturing},
  volume={15},
  number={4},
  pages={439--448},
  year={2004},
  publisher={Springer}
}

@article{gonccalves2005hybrid,
  title={A hybrid genetic algorithm for the job shop scheduling problem},
  author={Gon{\c{c}}alves, Jos{\'e} Fernando and de Magalh{\~a}es Mendes, Jorge Jos{\'e} and Resende, Maur{\i}ÃÅcio GC},
  journal={European journal of operational research},
  volume={167},
  number={1},
  pages={77--95},
  year={2005},
  publisher={Elsevier}
}

@article{zhang2006implementation,
  title={Implementation of an ant colony optimization technique for job shop scheduling problem},
  author={Zhang, Jun and Hu, Xiaomin and Tan, Xuan and Zhong, J Hui and Huang, Q},
  journal={Transactions of the Institute of Measurement and Control},
  volume={28},
  number={1},
  pages={93--108},
  year={2006},
  publisher={Sage Publications Sage CA: Thousand Oaks, CA}
}

@article{sha2006hybrid,
  title={A hybrid particle swarm optimization for job shop scheduling problem},
  author={Sha, DY and Hsu, Cheng-Yu},
  journal={Computers \& Industrial Engineering},
  volume={51},
  number={4},
  pages={791--808},
  year={2006},
  publisher={Elsevier}
}

@article{zhang2007tabu,
  title={A tabu search algorithm with a new neighborhood structure for the job shop scheduling problem},
  author={Zhang, ChaoYong and Li, PeiGen and Guan, ZaiLin and Rao, YunQing},
  journal={Computers \& Operations Research},
  volume={34},
  number={11},
  pages={3229--3242},
  year={2007},
  publisher={Elsevier}
}

@article{huang2008ant,
  title={Ant colony optimization combined with taboo search for the job shop scheduling problem},
  author={Huang, Kuo-Ling and Liao, Ching-Jong},
  journal={Computers \& operations research},
  volume={35},
  number={4},
  pages={1030--1046},
  year={2008},
  publisher={Elsevier}
}



@article{lin2010efficient,
  title={An efficient job-shop scheduling algorithm based on particle swarm optimization},
  author={Lin, Tsung-Lieh and Horng, Shi-Jinn and Kao, Tzong-Wann and Chen, Yuan-Hsin and Run, Ray-Shine and Chen, Rong-Jian and Lai, Jui-Lin and Kuo, I-Hong},
  journal={Expert Systems with Applications},
  volume={37},
  number={3},
  pages={2629--2636},
  year={2010},
  publisher={Elsevier}
}

@article{fattahi2010dynamic,
  title={Dynamic scheduling in flexible job shop systems by considering simultaneously efficiency and stability},
  author={Fattahi, Parviz and Fallahi, Alireza},
  journal={CIRP Journal of Manufacturing Science and Technology},
  volume={2},
  number={2},
  pages={114--123},
  year={2010},
  publisher={Elsevier}
}

@inproceedings{ouaarab2014discrete,
  title={Discrete cuckoo search algorithm for job shop scheduling problem},
  author={Ouaarab, Aziz and Ahiod, Bela{\"\i}d and Yang, Xin-She and Abbad, Mohammed},
  booktitle={2014 IEEE international symposium on intelligent control (ISIC)},
  pages={1872--1876},
  year={2014},
  organization={IEEE}
}

@inproceedings{singh2015cuckoo,
  title={Cuckoo search optimization for job shop scheduling problem},
  author={Singh, Shekhar and Singh, Krishna Pratap},
  booktitle={Proceedings of Fourth International Conference on Soft Computing for Problem Solving},
  pages={99--111},
  year={2015},
  organization={Springer}
}
