@article{taillard1993benchmarks,
  title={Benchmarks for basic scheduling problems},
  author={Taillard, Eric},
  journal={european journal of operational research},
  volume={64},
  number={2},
  pages={278--285},
  year={1993},
  publisher={Elsevier}
}

@incollection{lenstra1977complexity,
  title={Complexity of machine scheduling problems},
  author={Lenstra, Jan Karel and Kan, AHG Rinnooy and Brucker, Peter},
  booktitle={Annals of discrete mathematics},
  volume={1},
  pages={343--362},
  year={1977},
  publisher={Elsevier}
}

@article{holthaus1997efficient,
  title={Efficient dispatching rules for scheduling in a job shop},
  author={Holthaus, Oliver and Rajendran, Chandrasekharan},
  journal={International Journal of Production Economics},
  volume={48},
  number={1},
  pages={87--105},
  year={1997},
  publisher={Elsevier}
}

@article{demirkol1998benchmarks,
  title={Benchmarks for shop scheduling problems},
  author={Demirkol, Ebru and Mehta, Sanjay and Uzsoy, Reha},
  journal={European Journal of Operational Research},
  volume={109},
  number={1},
  pages={137--141},
  year={1998},
  publisher={Elsevier}
}

@article{byeon1998decomposition,
  title={Decomposition heuristics for robust job-shop scheduling},
  author={Byeon, Eni-Seok and Wu, S David and Storer, Robert H},
  journal={IEEE Transactions on Robotics and Automation},
  volume={14},
  number={2},
  pages={303--313},
  year={1998},
  publisher={IEEE}
}

@article{koonce2000using,
  title={Using data mining to find patterns in genetic algorithm solutions to a job shop schedule},
  author={Koonce, DA and Tsai, S-C},
  journal={Computers \& Industrial Engineering},
  volume={38},
  number={3},
  pages={361--374},
  year={2000},
  publisher={Elsevier}
}

@article{singer2001decomposition,
  title={Decomposition methods for large job shops},
  author={Singer, Marcos},
  journal={Computers \& Operations Research},
  volume={28},
  number={3},
  pages={193--207},
  year={2001},
  publisher={Elsevier}
}

@article{lifschitz2002answer,
  title={Answer set programming and plan generation},
  author={Lifschitz, Vladimir},
  journal={Artificial Intelligence},
  volume={138},
  number={1-2},
  pages={39--54},
  year={2002},
  publisher={Elsevier}
}


@inproceedings{shahzad2010discovering,
  title={Discovering dispatching rules for job shop scheduling problem through data mining},
  author={Shahzad, Atif and Mebarki, Nasser and IRCCyN, IRCCyN},
  booktitle={8th International Conference of Modeling and Simulation-MOSIM},
  pages={10--12},
  year={2010}
}


@article{zhang2010hybrid,
  title={A hybrid approach to large-scale job shop scheduling},
  author={Zhang, Rui and Wu, Cheng},
  journal={Applied intelligence},
  volume={32},
  number={1},
  pages={47--59},
  year={2010},
  publisher={Springer}
}

@article{kaban2012comparison,
  title={Comparison of dispatching rules in job-shop scheduling problem using simulation: a case study},
  author={Kaban, AK and Othman, Z and Rohmah, DS},
  journal={International Journal of Simulation Modelling},
  volume={11},
  number={3},
  pages={129--140},
  year={2012},
  publisher={Danube Adria Association for Automation \& Manufacturing International Vienna}
}

@article{ricca2012team,
  title={Team-building with answer set programming in the Gioia-Tauro seaport},
  author={Ricca, Francesco and Grasso, Giovanni and Alviano, Mario and Manna, Marco and Lio, Vincenzino and Iiritano, Salvatore and Leone, Nicola},
  journal={Theory and Practice of Logic Programming},
  volume={12},
  number={3},
  pages={361--381},
  year={2012},
  publisher={Cambridge University Press}
}

@article{zhai2014decomposition,
  title={A decomposition heuristics based on multi-bottleneck machines for large-scale job shop scheduling problems},
  author={Zhai, Yingni and Liu, Changjun and Chu, Wei and Guo, Ruifeng and Liu, Cunliang},
  journal={Journal of Industrial Engineering and Management (JIEM)},
  volume={7},
  number={5},
  pages={1397--1414},
  year={2014},
  publisher={Barcelona: OmniaScience}
}


@article{paul2015investigation,
  title={An investigation of order review/release policies and dispatching rules for assembly job shops with multi objective criteria},
  author={Paul, Midhun and Sridharan, R and Ramanan, T Radha},
  journal={Procedia-Social and Behavioral Sciences},
  volume={189},
  pages={376--384},
  year={2015},
  publisher={Elsevier}
}

@article{ku2016mixed,
  title={Mixed integer programming models for job shop scheduling: A computational analysis},
  author={Ku, Wen-Yang and Beck, J Christopher},
  journal={Computers \& Operations Research},
  volume={73},
  pages={165--173},
  year={2016},
  publisher={Elsevier}
}

@article{abseher2016shift,
  title={Shift design with answer set programming},
  author={Abseher, Michael and Gebser, Martin and Musliu, Nysret and Schaub, Torsten and Woltran, Stefan},
  journal={Fundamenta Informaticae},
  volume={147},
  number={1},
  pages={1--25},
  year={2016},
  publisher={IOS Press}
}

@inproceedings{abels2019train,
  title={Train scheduling with hybrid ASP},
  author={Abels, Dirk and Jordi, Julian and Ostrowski, Max and Schaub, Torsten and Toletti, Ambra and Wanko, Philipp},
  booktitle={International Conference on Logic Programming and Nonmonotonic Reasoning},
  pages={3--17},
  year={2019},
  organization={Springer}
}

@article{gebser2019multi,
  title={Multi-shot ASP solving with clingo},
  author={Gebser, Martin and Kaminski, Roland and Kaufmann, Benjamin and Schaub, Torsten},
  journal={Theory and Practice of Logic Programming},
  volume={19},
  number={1},
  pages={27--82},
  year={2019},
  publisher={Cambridge University Press}
}

@article{kopp2020smt2020,
  title={SMT2020â€”A semiconductor manufacturing testbed},
  author={Kopp, Denny and Hassoun, Michael and Kalir, Adar and M{\"o}nch, Lars},
  journal={IEEE Transactions on Semiconductor Manufacturing},
  volume={33},
  number={4},
  pages={522--531},
  year={2020},
  publisher={IEEE}
}

@article{meng2020mixed,
  title={Mixed-integer linear programming and constraint programming formulations for solving distributed flexible job shop scheduling problem},
  author={Meng, Leilei and Zhang, Chaoyong and Ren, Yaping and Zhang, Biao and Lv, Chang},
  journal={Computers \& Industrial Engineering},
  volume={142},
  pages={106347},
  year={2020},
  publisher={Elsevier}
}

@inproceedings{el2022decomposition,
  title={Decomposition-Based Job-Shop Scheduling with Constrained Clustering},
  author={El-Kholany, Mohammed and Schekotihin, Konstantin and Gebser, Martin},
  booktitle={International Symposium on Practical Aspects of Declarative Languages},
  pages={165--180},
  year={2022},
  organization={Springer}
}
