@article{taillard1993benchmarks,
  title={Benchmarks for basic scheduling problems},
  author={Taillard, Eric},
  journal={european journal of operational research},
  volume={64},
  number={2},
  pages={278--285},
  year={1993},
  publisher={Elsevier}
}


@article{benabdellah2019survey,
  title={A survey of clustering algorithms for an industrial context},
  author={Benabdellah, Abla Chouni and Benghabrit, Asmaa and Bouhaddou, Imane},
  journal={Procedia computer science},
  volume={148},
  pages={291--302},
  year={2019},
  publisher={Elsevier}
}


@book{baker1974introduction,
  title={Introduction to sequencing and scheduling},
  author={Baker, Kenneth R},
  year={1974},
  publisher={John Wiley \& Sons}
}

@incollection{lenstra1979computational,
  title={Computational complexity of discrete optimization problems},
  author={Lenstra, Jan K and Kan, AHG Rinnooy},
  booktitle={Annals of discrete mathematics},
  volume={4},
  pages={121--140},
  year={1979},
  publisher={Elsevier}
}

@article{zhang2010hybrid,
  title={A hybrid approach to large-scale job shop scheduling},
  author={Zhang, Rui and Wu, Cheng},
  journal={Applied intelligence},
  volume={32},
  number={1},
  pages={47--59},
  year={2010},
  publisher={Springer}
}

@inproceedings{li2018geometric,
  title={A geometric approach to clustering based anomaly detection for industrial applications},
  author={Li, Peng and Niggemann, Oliver and Hammer, Barbara},
  booktitle={IECON 2018-44th Annual Conference of the IEEE Industrial Electronics Society},
  pages={5345--5352},
  year={2018},
  organization={IEEE}
}


@article{zhai2014decomposition,
  title={A decomposition heuristics based on multi-bottleneck machines for large-scale job shop scheduling problems},
  author={Zhai, Yingni and Liu, Changjun and Chu, Wei and Guo, Ruifeng and Liu, Cunliang},
  journal={Journal of Industrial Engineering and Management (JIEM)},
  volume={7},
  number={5},
  pages={1397--1414},
  year={2014},
  publisher={Barcelona: OmniaScience}
}

@inproceedings{wagstaff2001constrained,
  title={Constrained k-means clustering with background knowledge},
  author={Wagstaff, Kiri and Cardie, Claire and Rogers, Seth and Schroedl, Stefan and others},
  booktitle={Icml},
  volume={1},
  pages={577--584},
  year={2001}
}

