@string{lnai = {Lecture Notes in Artificial Intelligence}}
@string{lncs = {Lecture Notes in Computer Science}}
@string{springer = {Springer-Verlag}}
@string{tplp = {Theory and Practice of Logic Programming}}

@misc{ortools,
  title = {{OR}-Tools},
  version = {7.2},
  author = {Laurent Perron and Vincent Furnon},
  organization = {Google},
  url = {https://developers.google.com/optimization/},
  howpublished = {\url{https://developers.google.com/optimization}},
  date = {2019-7-19},
  year = 2019
}

@article{abjoossctowa21a,
  title = {Train scheduling with hybrid {ASP}},
  author = {D. Abels and J. Jordi and M. Ostrowski and T. Schaub and A. Toletti and P. Wanko},
  doi = {10.1017/S1471068420000046},
  journal = tplp,
  number = {3},
  pages = {317-347},
  volume = {21},
  year = {2021}
}

@article{bainkaokscsotawa18a,
  title = {teaspoon: Solving the Curriculum-Based Course Timetabling Problems with Answer Set Programming},
  author = {M. Banbara and K. Inoue and B. Kaufmann and T. Okimoto and T. Schaub and T. Soh and N. Tamura and P. Wanko},
  doi = {10.1007/s10479-018-2757-7},
  journal = {Annals of Operations Research},
  number = {1},
  pages = {3-37},
  volume = {275},
  year = {2019}
}

@book{baker1974introduction,
  title={Introduction to Sequencing and Scheduling},
  author={Baker, Kenneth},
  year={1974},
  publisher={John Wiley \& Sons}
}

@inproceedings{balduccini11a,
  author    = {Marcello Balduccini},
  title     = {Industrial-Size Scheduling with {ASP+CP}},
  booktitle = {{LPNMR}},
  series    = {Lecture Notes in Computer Science},
  volume    = {6645},
  pages     = {284--296},
  publisher = {Springer},
  year      = {2011}
}

inproceedings{balduccini11a,
  title = {Industrial-Size Scheduling with {ASP}+{CP}},
  author = {M. Balduccini},
  crossref = {lpnmr11},
  pages = {284-296}
}

@article{blackstone1982state,
  title={A state-of-the-art survey of dispatching rules for manufacturing job shop operations},
  author={Blackstone, John and Phillips, Don and Hogg, Gary},
  journal={International Journal of Production Research},
  volume={20},
  number={1},
  pages={27-45},
  year={1982},
  publisher={Taylor \& Francis}
}

@article{cafageiakakrlemarisc20a,
  title = {{ASP-Core-2} Input Language Format},
  author = {F. Calimeri and W. Faber and M. Gebser and G. Ianni and R. Kaminski and T. Krennwallner and N. Leone
and M. Maratea and F. Ricca and T. Schaub},
  journal = tplp,
  number = {2},
  pages = {294-309},
  volume = {20},
  year = {2020}
}

inproceedings{coltep19a,
  title = {Industrial Size Job Shop Scheduling Tackled by Present Day {CP} Solvers},
  author = {G. {Da Col} and E. Teppan},
  crossref = {cp19},
  pages = {144-160}
}

@inproceedings{coltep19a,
  author    = {Giacomo Da Col and
               Erich Christian Teppan},
  title     = {Industrial Size Job Shop Scheduling Tackled by Present Day {CP} Solvers},
  booktitle = {{CP}},
  series    = {LNCS},
  volume    = {11802},
  pages     = {144--160},
  publisher = {Springer},
  year      = {2019}
}

inproceedings{cotmal06a,
  title = {Fast and flexible difference constraint propagation for {DPLL(T)}},
  author = {S. Cotton and O. Maler},
  crossref = {sat06},
  pages = {170-183}
}

@inproceedings{cotmal06a,
  author    = {Scott Cotton and
               Oded Maler},
  title     = {Fast and Flexible Difference Constraint Propagation for {DPLL(T)}},
  booktitle = {{SAT}},
  series    = {LNCS},
  volume    = {4121},
  pages     = {170--183},
  publisher = {Springer},
  year      = {2006}
}

@article{dogagrmamopo21a,
  title = {An {ASP}-based Solution to the Chemotherapy Treatment Scheduling Problem},
  author = {C. Dodaro and G. Galat{\`{a}} and A. Grioni and M. Maratea and M. Mochi and I. Porro},
  optdoi = {10.1017/S1471068421000363},
  journal = tplp,
  volume    = {21},
  number    = {6},
  pages     = {835--851},
  year      = {2021}
}

@inproceedings{elkgeb20a,
  title = {Job Shop Scheduling with Multi-shot {ASP}},
  author = {M. El-Kholany and M. Gebser},
  crossref = {taasp20},
  url = {http://www.kr.tuwien.ac.at/events/taasp20/papers/TAASP_2020_paper_4.pdf}
}

@inproceedings{elscge22a,
  title = {Decomposition-Based Job-Shop Scheduling with Constrained Clustering},
  author = {M. El-Kholany and K. Schekotihin and M. Gebser},
  crossref = {padl22},
  pages = {165-180}
}

@article{gehakalisc15a,
  title = {Abstract {G}ringo},
  author = {M. Gebser and A. Harrison and R. Kaminski and V. Lifschitz and T. Schaub},
  doi = {10.1017/S1471068415000150},
  journal = tplp,
  number = {4-5},
  pages = {449-463},
  volume = {15},
  year = {2015}
}

@article{kamsch21a,
  title = {On the Foundations of Grounding in Answer Set Programming},
  author = {R. Kaminski and T. Schaub},
  journal = {CoRR},
  url = {http://arxiv.org/abs/2108.04769},
  volume = {abs/2108.04769},
  year = {2021}
}

@article{kohakamo20a,
  title = {{SMT}2020---A Semiconductor Manufacturing Testbed},
  author = {D. Kopp and M. Hassoun and A. Kalir and L. M{\"o}nch},
  journal = {IEEE Transactions on Semiconductor Manufacturing},
  number = {4},
  pages = {522-531},
  volume = {33},
  year = {2020}
}

inproceedings{kotakoscge21a,
  title = {Utilizing Constraint Optimization for Industrial Machine Workload Balancing},
  author = {B. Kov{\'{a}}cs and P. Tassel and W. Kohlenbrein and P. Schrott{-}Kostwein and M. Gebser},
  crossref = {cp21},
  pages = {36:1--36:17}
}

@inproceedings{kotakoscge21a,
  author    = {Benjamin Kov{\'{a}}cs and
               Pierre Tassel and
               Wolfgang Kohlenbrein and
               Philipp Schrott{-}Kostwein and
               Martin Gebser},
  title     = {Utilizing Constraint Optimization for Industrial Machine Workload
               Balancing},
  booktitle = {{CP}},
  series    = {LIPIcs},
  volume    = {210},
  pages     = {36:1--36:17},
  publisher = {Schloss Dagstuhl},
  year      = {2021}
}

@book{lifschitz19a,
  title = {Answer Set Programming},
  author = {V. Lifschitz},
  publisher = springer,
  year = {2019}
}

@article{pezzella2008genetic,
  title={A genetic algorithm for the flexible job-shop scheduling problem},
  author={Pezzella, Ferdinando and Morganti, Gianluca and Ciaschetti, Giampiero},
  journal={Computers \& Operations Research},
  volume={35},
  number={10},
  pages={3202-3212},
  year={2008},
  publisher={Elsevier}
}

@article{rigralmaliiile12a,
  title = {Team-building with answer set programming in the {G}ioia-{T}auro seaport},
  author = {F. Ricca and G. Grasso and M. Alviano and M. Manna and V. Lio and S. Iiritano and N. Leone},
  journal = tplp,
  number = {3},
  pages = {361-381},
  volume = {12},
  year = {2012}
}

@article{shysha18a,
  title = {Boosting Binary Optimization via Binary Classification: A Case Study of Job Shop Scheduling},
  author = {O. Shylo and H. Shams},
  journal = {CoRR},
  url = {https://arxiv.org/abs/1808.10813},
  volume = {abs/1808.10813},
  year = {2018}
}

@inproceedings{tagesc21a,
  title = {A Reinforcement Learning Environment For Job-Shop Scheduling},
  author = {P. Tassel and M. Gebser and K. Schekotihin},
  crossref = {prl21},
  url = {https://prl-theworkshop.github.io/prl2021/papers/PRL2021_paper_9.pdf}
}

@article{garey1976complexity,
  title={The complexity of flowshop and jobshop scheduling},
  author={Garey, Michael and Johnson, David and Sethi, Ravi},
  journal={Mathematics of Operations Research},
  volume={1},
  number={2},
  pages={117-129},
  year={1976},
  publisher={INFORMS}
}

@incollection{lenstra1977complexity,
  title={Complexity of machine scheduling problems},
  author={Lenstra, Jan Karel and Kan, AHG Rinnooy and Brucker, Peter},
  booktitle={Annals of discrete mathematics},
  volume={1},
  pages={343--362},
  year={1977},
  publisher={Elsevier}
}

@article{adams1988shifting,
  title={The shifting bottleneck procedure for job shop scheduling},
  author={Adams, Joseph and Balas, Egon and Zawack, Daniel},
  journal={Management science},
  volume={34},
  number={3},
  pages={391--401},
  year={1988},
  publisher={INFORMS}
}

@article{taillard1993benchmarks,
  title={Benchmarks for basic scheduling problems},
  author={Taillard, Eric},
  journal={European Journal of Operational Research},
  volume={64},
  number={2},
  pages={278-285},
  year={1993},
  publisher={Elsevier}
}

@article{balas1995one,
  title={The one-machine problem with delayed precedence constraints and its use in job shop scheduling},
  author={Balas, Egon and Lenstra, Jan Karel and Vazacopoulos, Alkis},
  journal={Management Science},
  volume={41},
  number={1},
  pages={94--109},
  year={1995},
  publisher={INFORMS}
}

@article{uzsoy2000performance,
  title={Performance of decomposition procedures for job shop scheduling problems with bottleneck machines},
  author={Uzsoy, Reha and Wang, Cheng-Shuo},
  journal={International Journal of Production Research},
  volume={38},
  number={6},
  pages={1271--1286},
  year={2000},
  publisher={Taylor \& Francis}
}

@article{singer2001decomposition,
  title={Decomposition methods for large job shops},
  author={Singer, Marcos},
  journal={Computers \& Operations Research},
  volume={28},
  number={3},
  pages={193--207},
  year={2001},
  publisher={Elsevier}
}

@article{liu2008prediction,
  title={A prediction based iterative decomposition algorithm for scheduling large-scale job shops},
  author={Liu, Min and Hao, Jing-Hua and Wu, Cheng},
  journal={Mathematical and Computer Modelling},
  volume={47},
  number={3-4},
  pages={411--421},
  year={2008},
  publisher={Elsevier}
}

@article{zhang2010hybrid,
  title={A hybrid approach to large-scale job shop scheduling},
  author={Zhang, Rui and Wu, Cheng},
  journal={Applied intelligence},
  volume={32},
  number={1},
  pages={47--59},
  year={2010},
  publisher={Springer}
}

@article{caniupan2010consistency,
  title={The consistency extractor system: Answer set programs for consistent query answering in databases},
  author={Caniup{\'a}n, Monica and Bertossi, Leopoldo},
  journal={Data \& Knowledge Engineering},
  volume={69},
  number={6},
  pages={545--572},
  year={2010},
  publisher={Elsevier}
}

@book{ovacik2012decomposition,
  title={Decomposition methods for complex factory scheduling problems},
  author={Ovacik, Irfan M and Uzsoy, Reha},
  year={2012},
  publisher={Springer Science \& Business Media}
}

@article{zhai2014decomposition,
  title={A decomposition heuristics based on multi-bottleneck machines for large-scale job shop scheduling problems},
  author={Zhai, Yingni and Liu, Changjun and Chu, Wei and Guo, Ruifeng and Liu, Cunliang},
  journal={Journal of Industrial Engineering and Management (JIEM)},
  volume={7},
  number={5},
  pages={1397--1414},
  year={2014},
  publisher={Barcelona: OmniaScience}
}

@article{erdem2015generating,
  title={Generating explanations for biomedical queries},
  author={Erdem, Esra and Oztok, Umut},
  journal={Theory and Practice of Logic Programming},
  volume={15},
  number={1},
  pages={35--78},
  year={2015},
  publisher={Cambridge University Press}
}

@article{koponen2015optimizing,
  title={Optimizing phylogenetic supertrees using answer set programming},
  author={Koponen, Laura and Oikarinen, Emilia and Janhunen, Tomi and S{\"a}il{\"a}, Laura},
  journal={Theory and Practice of Logic Programming},
  volume={15},
  number={4-5},
  pages={604--619},
  year={2015},
  publisher={Cambridge University Press}
}

@inproceedings{dodaro2015allotment,
  title={Allotment problem in travel industry: A solution based on ASP},
  author={Dodaro, Carmine and Leone, Nicola and Nardi, Barbara and Ricca, Francesco},
  booktitle={International Conference on Web Reasoning and Rule Systems},
  pages={77--92},
  year={2015},
  organization={Springer}
}

@article{dodaro2016combining,
  title={Combining answer set programming and domain heuristics for solving hard industrial problems (application paper)},
  author={Dodaro, Carmine and Gasteiger, Philip and Leone, Nicola and Musitsch, Benjamin and Ricca, Francesco and Shchekotykhin, Kostyantyn},
  journal={Theory and Practice of Logic Programming},
  volume={16},
  number={5-6},
  pages={653--669},
  year={2016},
  publisher={Cambridge University Press}
}

inproceedings{gebser2016theory,
  title = {Theory Solving Made Easy with Clingo~5},
  author = {M. Gebser and R. Kaminski and B. Kaufmann and M. Ostrowski and T. Schaub and P. Wanko},
  crossref = {iclp-lipics16},
  pages = {2:1-2:15}
}

@inproceedings{gebser2016theory,
  author    = {Martin Gebser and
               Roland Kaminski and
               Benjamin Kaufmann and
               Max Ostrowski and
               Torsten Schaub and
               Philipp Wanko},
  title     = {Theory Solving Made Easy with Clingo 5},
  booktitle = {{ICLP} (Technical Communications)},
  series    = {{OASICS}},
  volume    = {52},
  pages     = {2:1--2:15},
  publisher = {Schloss Dagstuhl},
  year      = {2016}
}

@article{gekakasc17a,
  title = {Multi-shot {ASP} solving with clingo},
  author = {M. Gebser and R. Kaminski and B. Kaufmann and T. Schaub},
  doi = {10.1017/S1471068418000054},
  journal = tplp,
  number = {1},
  pages = {27-82},
  volume = {19},
  year = {2019}
}

@article{abseher2016shift,
  title = {Shift Design with Answer Set Programming},
  author = {M. Abseher and M. Gebser and N. Musliu and T. Schaub and S. Woltran},
  journal = {Fundamenta Informaticae},
  number = {1},
  pages = {1-25},
  volume = {147},
  year = {2016}
}

@inproceedings{dodaro2017nurse,
  title={Nurse scheduling via answer set programming},
  author={Dodaro, Carmine and Maratea, Marco},
  booktitle={International Conference on Logic Programming and Nonmonotonic Reasoning},
  pages={301--307},
  year={2017},
  organization={Springer}
}

@article{janhunen2017clingo,
  title={Clingo goes linear constraints over reals and integers},
  author={Janhunen, Tomi and Kaminski, Roland and Ostrowski, Max and Schellhorn, Sebastian and Wanko, Philipp and Schaub, Torsten},
  journal={Theory and Practice of Logic Programming},
  volume={17},
  number={5-6},
  pages={872--888},
  year={2017},
  publisher={Cambridge University Press}
}

@inproceedings{abels2019train,
  title={Train scheduling with hybrid ASP},
  author={Abels, Dirk and Jordi, Julian and Ostrowski, Max and Schaub, Torsten and Toletti, Ambra and Wanko, Philipp},
  booktitle={International Conference on Logic Programming and Nonmonotonic Reasoning},
  pages={3--17},
  year={2019},
  organization={Springer}
}

@article{dodaro2019asp,
  title={An ASP-based framework for operating room scheduling},
  author={Dodaro, Carmine and Galat{\`a}, Giuseppe and Maratea, Marco and Porro, Ivan},
  journal={Intelligenza Artificiale},
  volume={13},
  number={1},
  pages={63--77},
  year={2019},
  publisher={IOS Press}
}
@inproceedings{fabricius2020towards,
  title={Towards ASP-based scheduling for industrial transport vehicles},
  author={Fabricius, Felicitas and De Bortoli, Marco and Selmair, Maximilian and Reip, Michael and Steinbauer, Gerald and Gebser, Martin},
  booktitle={Joint Austrian Computer Vision and Robotics Workshop},
  year={2020}
}

@article{dodaro2021operating,
  title={Operating Room (Re) Scheduling with Bed Management via ASP},
  author={Dodaro, Carmine and Galat{\`a}, Giuseppe and Khan, Muhammad Kamran and Maratea, Marco and Porro, Ivan},
  journal={arXiv preprint arXiv:2105.02283},
  year={2021}
}

inproceedings{francescutto2021solving,
  title = {Solving a Multi-resource Partial-Ordering Flexible Variant of the Job-Shop Scheduling Problem with Hybrid {ASP}},
  author = {G. Francescutto and K. Schekotihin and M. El{-}Kholany},
  crossref = {jelia21},
  pages = {313-328}
}

@inproceedings{francescutto2021solving,
  author    = {Giulia Francescutto and
               Konstantin Schekotihin and
               Mohammed M. S. El{-}Kholany},
  title     = {Solving a Multi-resource Partial-Ordering Flexible Variant of the
               Job-Shop Scheduling Problem with Hybrid {ASP}},
  booktitle = {{JELIA}},
  series    = {LNCS},
  volume    = {12678},
  pages     = {313--328},
  publisher = {Springer},
  year      = {2021}
}

article{daneshamooz2021mathematical,
  title={Mathematical modeling and two efficient branch and bound algorithms for job shop scheduling problem followed by an assembly stage},
  author={Daneshamooz, Fatemeh and Fattahi, Parviz and Hosseini, Seyed Mohammad Hassan},
  journal={Kybernetes},
  year={2021},
  publisher={Emerald Publishing Limited}
}

@article{daneshamooz2021mathematical,
  author    = {Fatemeh Daneshamooz and
               Parviz Fattahi and
               Seyed Mohammad Hassan Hosseini},
  title     = {Mathematical modeling and two efficient branch and bound algorithms for job shop scheduling problem followed by an assembly stage},
  journal   = {Kybernetes},
  volume    = {50},
  number    = {12},
  pages     = {3222--3245},
  year      = {2021}
}

@article{shi2021solving,
  title={Solving the integrated process planning and scheduling problem using an enhanced constraint programming-based approach},
  author={Shi, Ganquan and Yang, Zhouwang and Xu, Yang and Quan, Yuchen},
  journal={International Journal of Production Research},
  pages={1--18},
  year={2021},
  publisher={Taylor \& Francis}
}

%***************************************************
@article{wang2002modified,
  title={A modified genetic algorithm for job shop scheduling},
  author={Wang, Ling and Zheng, D-Z},
  journal={The International Journal of Advanced Manufacturing Technology},
  volume={20},
  number={1},
  pages={72--76},
  year={2002},
  publisher={Springer}
}

@article{mattfeld2004efficient,
  title={An efficient genetic algorithm for job shop scheduling with tardiness objectives},
  author={Mattfeld, Dirk C and Bierwirth, Christian},
  journal={European journal of operational research},
  volume={155},
  number={3},
  pages={616--630},
  year={2004},
  publisher={Elsevier}
}

@article{geyik2004strategies,
  title={The strategies and parameters of tabu search for job-shop scheduling},
  author={Geyik, Faruk and Cedimoglu, Ismail Hakki},
  journal={Journal of Intelligent Manufacturing},
  volume={15},
  number={4},
  pages={439--448},
  year={2004},
  publisher={Springer}
}

@article{gonccalves2005hybrid,
  title={A hybrid genetic algorithm for the job shop scheduling problem},
  author={Gon{\c{c}}alves, Jos{\'e} Fernando and de Magalh{\~a}es Mendes, Jorge Jos{\'e} and Resende, Maur{\i}́cio GC},
  journal={European journal of operational research},
  volume={167},
  number={1},
  pages={77--95},
  year={2005},
  publisher={Elsevier}
}

@article{zhang2006implementation,
  title={Implementation of an ant colony optimization technique for job shop scheduling problem},
  author={Zhang, Jun and Hu, Xiaomin and Tan, Xuan and Zhong, J Hui and Huang, Q},
  journal={Transactions of the Institute of Measurement and Control},
  volume={28},
  number={1},
  pages={93--108},
  year={2006},
  publisher={Sage Publications Sage CA: Thousand Oaks, CA}
}

@article{sha2006hybrid,
  title={A hybrid particle swarm optimization for job shop scheduling problem},
  author={Sha, DY and Hsu, Cheng-Yu},
  journal={Computers \& Industrial Engineering},
  volume={51},
  number={4},
  pages={791--808},
  year={2006},
  publisher={Elsevier}
}

@article{zhang2007tabu,
  title={A tabu search algorithm with a new neighborhood structure for the job shop scheduling problem},
  author={Zhang, ChaoYong and Li, PeiGen and Guan, ZaiLin and Rao, YunQing},
  journal={Computers \& Operations Research},
  volume={34},
  number={11},
  pages={3229--3242},
  year={2007},
  publisher={Elsevier}
}

@article{huang2008ant,
  title={Ant colony optimization combined with taboo search for the job shop scheduling problem},
  author={Huang, Kuo-Ling and Liao, Ching-Jong},
  journal={Computers \& operations research},
  volume={35},
  number={4},
  pages={1030--1046},
  year={2008},
  publisher={Elsevier}
}



@article{lin2010efficient,
  title={An efficient job-shop scheduling algorithm based on particle swarm optimization},
  author={Lin, Tsung-Lieh and Horng, Shi-Jinn and Kao, Tzong-Wann and Chen, Yuan-Hsin and Run, Ray-Shine and Chen, Rong-Jian and Lai, Jui-Lin and Kuo, I-Hong},
  journal={Expert Systems with Applications},
  volume={37},
  number={3},
  pages={2629--2636},
  year={2010},
  publisher={Elsevier}
}

@article{fattahi2010dynamic,
  title={Dynamic scheduling in flexible job shop systems by considering simultaneously efficiency and stability},
  author={Fattahi, Parviz and Fallahi, Alireza},
  journal={CIRP Journal of Manufacturing Science and Technology},
  volume={2},
  number={2},
  pages={114--123},
  year={2010},
  publisher={Elsevier}
}

@inproceedings{ouaarab2014discrete,
  title={Discrete cuckoo search algorithm for job shop scheduling problem},
  author={Ouaarab, Aziz and Ahiod, Bela{\"\i}d and Yang, Xin-She and Abbad, Mohammed},
  booktitle={2014 IEEE international symposium on intelligent control (ISIC)},
  pages={1872--1876},
  year={2014},
  organization={IEEE}
}

@inproceedings{singh2015cuckoo,
  title={Cuckoo search optimization for job shop scheduling problem},
  author={Singh, Shekhar and Singh, Krishna Pratap},
  booktitle={Proceedings of Fourth International Conference on Soft Computing for Problem Solving},
  pages={99--111},
  year={2015},
  organization={Springer}
}

@proceedings{cp19,
  title = {Proceedings of the Twenty-fifth International Conference on Principles and Practice of Constraint Programming (CP'19)},
  editor = {T. Schiex and S. de Givry},
  booktitle = {Proceedings of the Twenty-fifth International Conference on Principles and Practice of Constraint Programming (CP'19)},
  publisher = springer,
  series = lncs,
  volume = {11802},
  year = {2019}
}

@proceedings{cp21,
  title = {Proceedings of the Twenty-seventh International Conference on Principles and Practice of Constraint Programming (CP'21)},
  editor = {L. Michel},
  booktitle = {Proceedings of the Twenty-seventh International Conference on Principles and Practice of Constraint Programming (CP'21)},
  publisher = {Leibniz International Proceedings in Informatics (LIPIcs)},
  volume = {210},
  year = {2021}
}

@proceedings{iclp-lipics16,
  title = {Technical Communications of the Thirty-second International Conference on Logic Programming (ICLP'16)},
  editor = {M. Carro and A. King},
  booktitle = {Technical Communications of the Thirty-second International Conference on Logic Programming (ICLP'16)},
  publisher = {Schloss Dagstuhl--Leibniz-Zentrum fuer Informatik},
  series = {Open Access Series in Informatics (OASIcs)},
  volume = {52},
  year = {2016}
}

@proceedings{jelia21,
  title = {Proceedings of the Seventeenth European Conference on Logics in Artificial Intelligence (JELIA'21)},
  editor = {W. Faber and G. Friedrich and M. Gebser and M. Morak},
  booktitle = {Proceedings of the Seventeenth European Conference on Logics in Artificial Intelligence (JELIA'21)},
  publisher = springer,
  series = lncs,
  volume = {12678},
  year = {2021}
}

@proceedings{lpnmr11,
  title = {Proceedings of the Eleventh International Conference on Logic Programming and Nonmonotonic Reasoning (LPNMR'11)},
  editor = {J. Delgrande and W. Faber},
  booktitle = {Proceedings of the Eleventh International Conference on Logic Programming and Nonmonotonic Reasoning (LPNMR'11)},
  publisher = springer,
  series = lnai,
  volume = {6645},
  year = {2011}
}

@proceedings{padl22,
  title = {Proceedings of the Twenty-fourth International Symposium on Practical Aspects of Declarative Languages (PADL'22)},
  editor = {J. Cheney and S. Perri},
  booktitle = {Proceedings of the Twenty-fourth International Symposium on Practical Aspects of Declarative Languages (PADL'22)},
  publisher = springer,
  series = lncs,
  volume = {13165},
  year = {2022}
}

@proceedings{prl21,
  title = {Proceedings of the ICAPS 2021 Workshop on Planning and Reinforcement Learning (PRL'21)},
  editor = {H. Palacios},
  booktitle = {Proceedings of the ICAPS 2021 Workshop on Planning and Reinforcement Learning (PRL'21)},
  year = {2021}
}

@proceedings{sat06,
  title = {Proceedings of the Ninth International Conference on Theory and Applications of Satisfiability Testing (SAT'06)},
  editor = {A. Biere and C. Gomes},
  booktitle = {Proceedings of the Ninth International Conference on Theory and Applications of Satisfiability Testing (SAT'06)},
  publisher = springer,
  series = lncs,
  volume = {4121},
  year = {2006}
}

@proceedings{taasp20,
  title = {Proceedings of the Fourth Workshop on Trends and Applications of Answer Set Programming (TAASP'20)},
  editor = {M. Gebser and F. Laferri{\`{e}}re and Z. Saribatur},
  booktitle = {Proceedings of the Fourth Workshop on Trends and Applications of Answer Set Programming (TAASP'20)},
  optpublisher = {Technische Universit{\"a}t Wien},
  url = {http://www.kr.tuwien.ac.at/events/taasp20/accepted.html},
  year = {2020}
}
